@book{goodfellow2016deep,
  title={Deep Learning},
  author={Goodfellow, Ian and Bengio, Yoshua and Courville, Aaron},
  year={2016},
  publisher={MIT Press}
}

@book{张宇基础三十讲,
  title={张宇基础三十讲（高等数学分册）},
  author={张宇},
  year={2025},
  publisher={启航教育}
}